<record><leader>00000cas a22000007a 4500</leader><controlfield tag="001">12688674</controlfield><controlfield tag="008">851018d18961901wvuwr ne      0    0eng d</controlfield><datafield ind1=" " ind2=" " tag="010"><subfield code="a">sn 85059558 </subfield></datafield><datafield ind1=" " ind2=" " tag="040"><subfield code="a">WVC</subfield><subfield code="b">eng</subfield><subfield code="c">WVC</subfield><subfield code="d">OCL</subfield><subfield code="d">OCLCQ</subfield></datafield><datafield ind1=" " ind2=" " tag="042"><subfield code="a">msc</subfield></datafield><datafield ind1="0" ind2="0" tag="245"><subfield code="a">Methodist Episcopal advocate.</subfield></datafield><datafield ind1=" " ind2=" " tag="260"><subfield code="a">Sutton, W. Va. :</subfield><subfield code="b">John A. Grose,</subfield><subfield code="c">1896-1901.</subfield></datafield><datafield ind1=" " ind2=" " tag="300"><subfield code="a">v.</subfield></datafield><datafield ind1=" " ind2=" " tag="310"><subfield code="a">Weekly</subfield></datafield><datafield ind1="0" ind2=" " tag="362"><subfield code="a">Vol. 1, no. 1 (Apr. 8, 1896)-v. 5, no. 40 (Jan. 9, 1901).</subfield></datafield><datafield ind1=" " ind2=" " tag="500"><subfield code="a">"Devoted to the interests of the Methodist Episcopal Church, South, in the Western Virginia Conference."</subfield></datafield><datafield ind1=" " ind2=" " tag="500"><subfield code="a">Editor: T.S. Wade.</subfield></datafield><datafield ind1=" " ind2=" " tag="752"><subfield code="a">United States</subfield><subfield code="b">West Virginia</subfield><subfield code="c">Braxton</subfield><subfield code="d">Sutton.</subfield></datafield><datafield ind1="0" ind2="0" tag="785"><subfield code="t">Western Virginia Christian advocate</subfield><subfield code="w">(DLC)sn 85059559</subfield></datafield></record>